% 32321741
@Article{sticker2020,
   Author="Sticker, A.  and Goeminne, L.  and Martens, L.  and Clement, L. ",
   Title="{{R}obust {S}ummarization and {I}nference in {P}roteome-wide {L}abel-free {Q}uantification}",
   Journal="Mol Cell Proteomics",
   Year="2020",
   Volume="19",
   Number="7",
   Pages="1209--1219",
   Month="07"
}

% 32227882
@Article{goeminne2020,
   Author="Goeminne, L. J. E.  and Sticker, A.  and Martens, L.  and Gevaert, K.  and Clement, L. ",
   Title="{{M}{S}q{R}ob {T}akes the {M}issing {H}urdle: {U}niting {I}ntensity- and {C}ount-{B}ased {P}roteomics}",
   Journal="Anal Chem",
   Year="2020",
   Volume="92",
   Number="9",
   Pages="6278--6287",
   Month="05"
}

% 26566788
@Article{goeminne2016,
   Author="Goeminne, L. J.  and Gevaert, K.  and Clement, L. ",
   Title="{{P}eptide-level {R}obust {R}idge {R}egression {I}mproves {E}stimation, {S}ensitivity, and {S}pecificity in {D}ata-dependent {Q}uantitative {L}abel-free {S}hotgun {P}roteomics}",
   Journal="Mol Cell Proteomics",
   Year="2016",
   Volume="15",
   Number="2",
   Pages="657--668",
   Month="Feb"
}
